@misc{Phyphox,
  author       = {RWTH Aachen University},
  title        = {phyphox – Physical Phone Experiments},
  year         = {2024},
  url          = {https://phyphox.org/de/home-de/},
  note         = {Zugriff am 25.03.2025}
}
@misc{phyphoxDownload,
  author       = {RWTH Aachen University},
  title        = {phyphox – Downloadbereich der App},
  year         = {2024},
  url          = {https://phyphox.org/de/download-de/},
  note         = {Zugriff am 25.03.2025}
}
@book{Meinart,
  author    = {Patrick Meinart},
  title     = {K{\"o}nigin Kniebeuge: Krafttraining mit der Mutter aller {\"U}bungen},
  subtitle  = {Muskelaufbau, Mobility, Methodik},
  publisher = {bodyLIFE Medien GmbH},
  year      = {2021},
  address   = {Ettlingen},
  isbn      = {978-3-9822193-3-2}
}
@article{Hartmann2014,
   author = {Hagen Hartmann, Klaus Wirth},
   journal = {Schweizerische Zeitschrift für Sportmedizin und Sporttraumatologie},
   pages = {6-23},
   title = {Literaturbasierte Belastungsanalyse unterschiedlicher Kniebeugevarianten unter Berücksichtigung möglicher Überlastungsschäden und Anpassungseffekte},
   url ={https://sems.ch/fileadmin/user_upload/Zeitschrift/62-2014-1/01-2014_1_Hartmann.pdf},
   year = {2014},
}
@article{Tiefe,
  author       = {IFHIAS - International Functional Fitness and Health Institute},
  title        = {Die Tiefkniebeuge: Eine funktionelle Betrachtung},
  year         = {2013},
  url={https://www.ifhias.com/downloads/2013_Tiefkniebeuge.pdf},
  note         = {Zugriff am 15. April 2025}
}

@misc{phyphoxSensorDB,
  author       = {Phyphox Team},
  title        = {phyphox Sensor Database},
  year         = {2024},
  url          = {https://phyphox.org/sensordb/},
  note         = {Zugriff am 25.03.2025}
}

@article{Schoenfeld2010,
   author = {Brad J Schoenfeld},
   doi = {10.1519/JSC.0b013e3181e840f3},
   issn = {1064-8011},
   issue = {10},
   journal = {Journal of Strength and Conditioning Research},
   month = {10},
   pages = {2857-2872},
   title = {The Mechanisms of Muscle Hypertrophy and Their Application to Resistance Training},
   volume = {24},
   year = {2010},
}

@article{Straub2024SquatReview,
  title={A Biomechanical Review of the Squat Exercise: Implications for Clinical Practice},
  author={Straub, Rachel K. and Powers, Christopher M.},
  journal={International Journal of Sports Physical Therapy},
  year={2024},
  month={April},
  doi={10.26603/001c.94600},
  url={https://pmc.ncbi.nlm.nih.gov/articles/PMC10987311/}
}

@article{Lindberg2023SquatBenefits,
  author = {Sara Lindberg},
  title = {7 Benefits of Doing Squats and Variations to Try},
  journal = {Healthline},
  year = {2023},
  url = {https://www.healthline.com/health/exercise-fitness/squats-benefits},
  note         = {Zugriff am 25.03.2025}
}

@article{schoenfeld2010kinematics,
author = {Brad J Schoenfeld},
publisher={Lippincott Williams \& Wilkins},
   doi = {10.1519/JSC.0b013e3181bac2d7},
   issn = {1064-8011},
   issue = {12},
   journal = {Journal of Strength and Conditioning Research},
   month = {12},
   pages = {3497-3506},
   title = {Squatting Kinematics and Kinetics and Their Application to Exercise Performance},
   volume = {24},
   year = {2010},
}

@article{videoanalysis2024,
   author = {Kenta Chida and Takayuki Inami and Shota Yamaguchi and Takuya Nishioka and Yasumasa Yoshida and Naohiko Kohtake},
   doi = {10.3389/fspor.2024.1335272},
   issn = {2624-9367},
   journal = {Frontiers in Sports and Active Living},
   month = {2},
   title = {Assessing the validity of two-dimensional video analysis for measuring lower limb joint angles during fencing lunge},
   volume = {6},
   year = {2024},
}

@misc{Kniovea,
   title = {Kinovea},
   url = {https://www.kinovea.org/features.html},
}

@article{Fennema2019,
   author = {M. C. Fennema and R. A. Bloomfield and B. A. Lanting and T. B. Birmingham and M. G. Teeter},
   doi = {10.1016/j.knee.2018.11.002},
   issn = {18735800},
   issue = {1},
   journal = {Knee},
   keywords = {Inertial measurement unit,Motion,Range,Repeatability,Total knee replacement,Wearable sensor},
   month = {1},
   pages = {97-105},
   pmid = {30554906},
   publisher = {Elsevier B.V.},
   title = {Repeatability of measuring knee flexion angles with wearable inertial sensors},
   volume = {26},
   year = {2019},
}
@online{GorillaSports_Beintraining,
  author    = {{Gorilla Sports}},
  title     = {Beintraining – Beinmuskeln effektiv und sicher aufbauen},
  year      = {n.d.},
  url       = {https://www.gorillasports.de/blogs/news/beintraining},
  note      = {Zugriff am 15. April 2025}
}